% -*- LaTeX -*-
% -*- coding: utf-8 -*-
%
% michael a.g. aïvázis
% orthologue
% (c) 1998-2017 all rights reserved
%

@Book{eiffel,
title = {{Eiffel}: the language},
author = {Meyer, B.},
publisher = {Prentice Hall},
year = {1992},
isbn = {0-13-247925-7}
}

@Book{icon,
title = {The {ICON} programming language},
author = {Griswold, R.~E. and Griswold, M.~T.},
publisher = {Peer-to-Peer Communications},
edition = {third},
year = {1996}
}

@Book{meyer-97,
title = {Object-Oriented Software Construction},
author = {Meyer, B.},
publisher = {Prentice Hall},
edition = {second},
year = {1997},
isbn = {0-13-629155-4}
}

@Misc{python-doc,
 title = {Python documentation},
 howpublished = {\url{http://docs.python.org}}
}

% end of file
